<record><leader>00000cas a2200000 a 4500</leader><controlfield tag="001">27084787</controlfield><controlfield tag="008">921208c19079999caudr ne      0   a0eng c</controlfield><datafield ind1=" " ind2=" " tag="010"><subfield code="a">sn 92070146 </subfield></datafield><datafield ind1=" " ind2=" " tag="040"><subfield code="a">CNK</subfield><subfield code="b">eng</subfield><subfield code="c">CNK</subfield><subfield code="d">NSD</subfield><subfield code="d">CNK</subfield><subfield code="d">CNW</subfield><subfield code="d">CNK</subfield><subfield code="d">OCLCQ</subfield><subfield code="d">CNK</subfield><subfield code="d">CUS</subfield><subfield code="d">DLC</subfield><subfield code="d">CLU</subfield><subfield code="d">CNK</subfield><subfield code="d">CUS</subfield><subfield code="d">OCLCQ</subfield><subfield code="d">OCLCF</subfield></datafield><datafield ind1=" " ind2=" " tag="012"><subfield code="m">1</subfield></datafield><datafield ind1="1" ind2=" " tag="022"><subfield code="a">1072-9283</subfield><subfield code="l">1072-9283</subfield><subfield code="2">1</subfield></datafield><datafield ind1="1" ind2=" " tag="029"><subfield code="a">AU@</subfield><subfield code="b">000020724696</subfield></datafield><datafield ind1="1" ind2=" " tag="029"><subfield code="a">NZ1</subfield><subfield code="b">16071636</subfield></datafield><datafield ind1=" " ind2=" " tag="032"><subfield code="a">260060</subfield><subfield code="b">USPS</subfield></datafield><datafield ind1=" " ind2=" " tag="037"><subfield code="b">Imperial Valley Press, 205 N. 8th St., El Centro, CA 92243</subfield></datafield><datafield ind1=" " ind2=" " tag="042"><subfield code="a">pcc</subfield><subfield code="a">nsdp</subfield></datafield><datafield ind1=" " ind2=" " tag="043"><subfield code="a">n-us-ca</subfield></datafield><datafield ind1="0" ind2="0" tag="050"><subfield code="a">Newspaper</subfield></datafield><datafield ind1=" " ind2="0" tag="222"><subfield code="a">Imperial Valley press</subfield></datafield><datafield ind1="0" ind2="0" tag="245"><subfield code="a">Imperial Valley press.</subfield></datafield><datafield ind1="3" ind2=" " tag="246"><subfield code="a">Imperial Valley press and El Centro progress</subfield></datafield><datafield ind1="3" ind2=" " tag="246"><subfield code="a">Post-press</subfield></datafield><datafield ind1="3" ind2=" " tag="246"><subfield code="a">Imperial Valley news-press</subfield></datafield><datafield ind1="3" ind2=" " tag="246"><subfield code="a">Imperial Valley press/Brawley news</subfield></datafield><datafield ind1="3" ind2=" " tag="246"><subfield code="a">Morning post-Imperial Valley press</subfield></datafield><datafield ind1=" " ind2=" " tag="260"><subfield code="a">El Centro, Calif. :</subfield><subfield code="b">D.D. Pellet</subfield></datafield><datafield ind1=" " ind2=" " tag="300"><subfield code="a">v.</subfield></datafield><datafield ind1=" " ind2=" " tag="310"><subfield code="a">Daily,</subfield><subfield code="b">Sept. 30, 1911-</subfield></datafield><datafield ind1=" " ind2=" " tag="321"><subfield code="a">Weekly,</subfield><subfield code="b">July 20, 1907-Sept. 23, 1911</subfield></datafield><datafield ind1="0" ind2=" " tag="362"><subfield code="a">Vol. 7, no. 15 (July 20, 1907)-</subfield></datafield><datafield ind1=" " ind2=" " tag="500"><subfield code="a">Published as: Imperial Valley press and El Centro progress, Jan. 16-Oct. 25, 1922.</subfield></datafield><datafield ind1=" " ind2=" " tag="500"><subfield code="a">Published combined issues on holidays: The morning post-Imperial Valley press, Nov. 28, 1935 and Dec. 25, 1935. On Sundays published as: The Post-press, Jan. 12, 1936-Oct. 30, 1960; Imperial Valley news-press, Nov. 6, 1960-Feb. 26/27, 1967; Imperial Valley press/The Brawley news, Oct. 2, 1988-June 7, 1992; published as combined Sat./Sun. ed., Apr. 29/30, 1961-&lt;Jan 13/14, 1968&gt;</subfield></datafield><datafield ind1=" " ind2=" " tag="515"><subfield code="a">Sunday issues have their own numbering.</subfield></datafield><datafield ind1=" " ind2=" " tag="530"><subfield code="a">Archived issues are available in digital format as part of the Library of Congress Chronicling America online collection.</subfield></datafield><datafield ind1=" " ind2=" " tag="530"><subfield code="a">Master negatives are available for duplication from:</subfield><subfield code="b">California Newspaper Microfilm Archive;</subfield><subfield code="c">positive copies may be purchased by the reel; for further information consult the CNMA at:</subfield><subfield code="u">http://cbsr.ucr.edu</subfield></datafield><datafield ind1=" " ind2=" " tag="588"><subfield code="a">Latest issue consulted: Oct. 7, 1993.</subfield></datafield><datafield ind1=" " ind2="0" tag="651"><subfield code="a">Imperial County (Calif.)</subfield><subfield code="v">Newspapers.</subfield></datafield><datafield ind1=" " ind2="0" tag="651"><subfield code="a">San Diego County (Calif.)</subfield><subfield code="v">Newspapers.</subfield></datafield><datafield ind1=" " ind2="7" tag="655"><subfield code="a">Newspapers.</subfield><subfield code="2">fast</subfield><subfield code="0">(OCoLC)fst01423814</subfield></datafield><datafield ind1=" " ind2="7" tag="651"><subfield code="a">California</subfield><subfield code="z">Imperial County.</subfield><subfield code="2">fast</subfield><subfield code="0">(OCoLC)fst01206056</subfield></datafield><datafield ind1=" " ind2="7" tag="651"><subfield code="a">California</subfield><subfield code="z">San Diego County.</subfield><subfield code="2">fast</subfield><subfield code="0">(OCoLC)fst01204290</subfield></datafield><datafield ind1=" " ind2=" " tag="752"><subfield code="a">United States</subfield><subfield code="b">California</subfield><subfield code="c">Imperial</subfield><subfield code="d">El Centro.</subfield></datafield><datafield ind1="0" ind2=" " tag="775"><subfield code="t">Morning post (El Centro, Calif.)</subfield><subfield code="w">(DLC)sn 93051952</subfield></datafield><datafield ind1="0" ind2="0" tag="780"><subfield code="t">Imperial Valley press and the Imperial press</subfield><subfield code="x">1943-880X</subfield><subfield code="w">(DLC)sn 92070144</subfield><subfield code="w">(OCoLC)27084767</subfield></datafield><datafield ind1="0" ind2="5" tag="780"><subfield code="t">Centro daily standard</subfield><subfield code="w">(DLC)sn 92068478</subfield></datafield><datafield ind1="0" ind2="5" tag="780"><subfield code="t">Morning daily El Centro progress</subfield><subfield code="g">1922</subfield><subfield code="w">(DLC)sn 92070145</subfield></datafield><datafield ind1="0" ind2="5" tag="780"><subfield code="t">Brawley news</subfield><subfield code="w">(OCoLC)27084830</subfield></datafield><datafield ind1="4" ind2="1" tag="856"><subfield code="3">1907-1911.</subfield><subfield code="z">Search for articles</subfield><subfield code="u">http://bibpurl.oclc.org/web/31161</subfield><subfield code="u">http://cdnc.ucr.edu/newsucr</subfield></datafield><datafield ind1="4" ind2="1" tag="856"><subfield code="3">1907-1911.</subfield><subfield code="z">Browse available issues http://bibpurl.oclc.org/web/38641</subfield><subfield code="u">http://cdnc.ucr.edu/newsucr/cgi-bin/newsucr?a=d&amp;cl=CL1.IVP&amp;e=-------en-logical-20--1-----all</subfield></datafield><datafield ind1="4" ind2="1" tag="856"><subfield code="u">http://www.loc.gov/chroniclingamerica/lccn/sn92070146/issues</subfield></datafield></record>